<marcx:record format="danMARC2" type="BibliographicMain"><marcx:leader>00000n    2200000   4500</marcx:leader><marcx:datafield ind1="1" ind2="0" tag="001"><marcx:subfield code="a">2672116</marcx:subfield><marcx:subfield code="b">820010</marcx:subfield><marcx:subfield code="c">20081029185500</marcx:subfield><marcx:subfield code="d">20041111</marcx:subfield><marcx:subfield code="f">a</marcx:subfield></marcx:datafield><marcx:datafield ind1="1" ind2="0" tag="004"><marcx:subfield code="r">c</marcx:subfield><marcx:subfield code="a">h</marcx:subfield></marcx:datafield><marcx:datafield ind1="1" ind2="0" tag="005"><marcx:subfield code="z">p</marcx:subfield></marcx:datafield><marcx:datafield ind1="1" ind2="0" tag="008"><marcx:subfield code="t">m</marcx:subfield><marcx:subfield code="b">dk</marcx:subfield><marcx:subfield code="v">0</marcx:subfield></marcx:datafield><marcx:datafield ind1="1" ind2="0" tag="009"><marcx:subfield code="a">r</marcx:subfield><marcx:subfield code="g">xh</marcx:subfield></marcx:datafield><marcx:datafield ind1="1" ind2="0" tag="100"><marcx:subfield code="0"></marcx:subfield><marcx:subfield code="a">Reymont</marcx:subfield><marcx:subfield code="h">W. S.</marcx:subfield></marcx:datafield><marcx:datafield ind1="1" ind2="0" tag="245"><marcx:subfield code="a">Bønderne</marcx:subfield><marcx:subfield code="e">af W. S. Reymont</marcx:subfield><marcx:subfield code="e">indtalt af Agnete Bjørn</marcx:subfield><marcx:subfield code="ø">Ved Agnete Bjørn</marcx:subfield></marcx:datafield><marcx:datafield ind1="1" ind2="0" tag="260"><marcx:subfield code="a">Odense</marcx:subfield><marcx:subfield code="b">Den grimme Ælling</marcx:subfield><marcx:subfield code="c">1987</marcx:subfield></marcx:datafield><marcx:datafield ind1="1" ind2="0" tag="300"><marcx:subfield code="n">4 bind i 8 mapper</marcx:subfield><marcx:subfield code="b">mono</marcx:subfield></marcx:datafield><marcx:datafield ind1="1" ind2="0" tag="504"><marcx:subfield code="a">Roman om polske bønder</marcx:subfield></marcx:datafield><marcx:datafield ind1="1" ind2="0" tag="512"><marcx:subfield code="a">Oversat af Valdemar Rørdam ; revideret af Kristine Netteberg</marcx:subfield></marcx:datafield><marcx:datafield ind1="1" ind2="0" tag="512"><marcx:subfield code="a">Spilletid: Bind 1: 570 min. Bind 2: 570 min. Bind 3: 715 min. Bind 4: 620 min.</marcx:subfield></marcx:datafield><marcx:datafield ind1="1" ind2="0" tag="520"><marcx:subfield code="a">Gengivelse af bogen</marcx:subfield></marcx:datafield><marcx:datafield ind1="1" ind2="0" tag="520"><marcx:subfield code="a">Originaludgave: 1902-09</marcx:subfield></marcx:datafield><marcx:datafield ind1="1" ind2="0" tag="520"><marcx:subfield code="a">Indlæst efter udgaven: Valby : Borgen, 1959 (i 4 bind)</marcx:subfield></marcx:datafield><marcx:datafield ind1="1" ind2="0" tag="652"><marcx:subfield code="p">88.63</marcx:subfield><marcx:subfield code="z">26</marcx:subfield></marcx:datafield><marcx:datafield ind1="1" ind2="0" tag="668"><marcx:subfield code="a">Landboliv</marcx:subfield></marcx:datafield><marcx:datafield ind1="1" ind2="0" tag="700"><marcx:subfield code="0"></marcx:subfield><marcx:subfield code="a">Bjørn</marcx:subfield><marcx:subfield code="h">Agnethe</marcx:subfield></marcx:datafield></marcx:record>