<marcx:record format="danMARC2" type="BibliographicVolume"><marcx:leader>00000n    2200000   4500</marcx:leader><marcx:datafield ind1="2" ind2="0" tag="001"><marcx:subfield code="a">2682216</marcx:subfield><marcx:subfield code="b">820010</marcx:subfield><marcx:subfield code="c">20070825190800</marcx:subfield><marcx:subfield code="d">20041209</marcx:subfield><marcx:subfield code="f">a</marcx:subfield></marcx:datafield><marcx:datafield ind1="2" ind2="0" tag="004"><marcx:subfield code="r">c</marcx:subfield><marcx:subfield code="a">b</marcx:subfield></marcx:datafield><marcx:datafield ind1="2" ind2="0" tag="005"><marcx:subfield code="r">a</marcx:subfield></marcx:datafield><marcx:datafield ind1="2" ind2="0" tag="008"><marcx:subfield code="t">m</marcx:subfield><marcx:subfield code="u">u</marcx:subfield><marcx:subfield code="a">1987</marcx:subfield><marcx:subfield code="j">f</marcx:subfield><marcx:subfield code="l">dan</marcx:subfield><marcx:subfield code="v">0</marcx:subfield></marcx:datafield><marcx:datafield ind1="2" ind2="0" tag="014"><marcx:subfield code="a">2672116</marcx:subfield></marcx:datafield><marcx:datafield ind1="2" ind2="0" tag="041"><marcx:subfield code="a">dan</marcx:subfield><marcx:subfield code="c">pol</marcx:subfield></marcx:datafield><marcx:datafield ind1="2" ind2="0" tag="245"><marcx:subfield code="g">Bind 4:1</marcx:subfield><marcx:subfield code="a">Sommeren</marcx:subfield></marcx:datafield><marcx:datafield ind1="2" ind2="0" tag="300"><marcx:subfield code="n">6 kassetter</marcx:subfield></marcx:datafield></marcx:record></marcx:collection><adminData><creationDate>2004-12-12</creationDate><libraryType>research</libraryType><indexingAlias>danmarcxchange</indexingAlias><accessType>physical</accessType><genre>nonfiktion</genre><collectionIdentifier>820010-katalog</collectionIdentifier><collectionIdentifier>870970-forsk</collectionIdentifier></adminData></ting:container>
</foxml:xmlContent>
</foxml:datastreamVersion>
</foxml:datastream>
<foxml:datastream ID="localData.870970-forsk" STATE="A" CONTROL_GROUP="X" VERSIONABLE="false">
<foxml:datastreamVersion ID="localData.870970-forsk.0" LABEL="" CREATED="2013-05-16T12:14:35.762Z" MIMETYPE="text/xml" SIZE="575">
<foxml:xmlContent>
<ting:localData xmlns:ting="http://www.dbc.dk/ting"><marcx:record xmlns:marcx="info:lc/xmlns/marcxchange-v1" format="danMARC2" type="BibliographicLocal"><marcx:datafield ind1="2" ind2="0" tag="n55"><marcx:subfield code="a">20041212</marcx:subfield></marcx:datafield><marcx:datafield ind1="2" ind2="0" tag="096"><marcx:subfield code="z">820010</marcx:subfield><marcx:subfield code="a">51-078088</marcx:subfield></marcx:datafield><marcx:datafield ind1="2" ind2="0" tag="n55"><marcx:subfield code="a">20041212</marcx:subfield></marcx:datafield></marcx:record></ting:localData>
</foxml:xmlContent>
</foxml:datastreamVersion>
</foxml:datastream>
<foxml:datastream ID="RELS-SYS" STATE="A" CONTROL_GROUP="X" VERSIONABLE="false">
<foxml:datastreamVersion ID="RELS-SYS.1" LABEL="" CREATED="2013-05-16T12:14:35.894Z" MIMETYPE="application/rdf+xml" SIZE="318">
<foxml:xmlContent>
<rdf:RDF xmlns:rdf="http://www.w3.org/1999/02/22-rdf-syntax-ns#">
  <rdf:Description rdf:about="info:fedora/820010-katalog:2682216">
    <isMemberOfUnit xmlns="info:fedora/">unit:56301</isMemberOfUnit>
    <isPrimaryBibObjectFor xmlns="info:fedora/">unit:56301</isPrimaryBibObjectFor>
  </rdf:Description>
</rdf:RDF>
</foxml:xmlContent>
</foxml:datastreamVersion>
</foxml:datastream>
</foxml:digitalObject><ocn></ocn><holdingsServiceResponse><response>
<timestamp>2013-05-30 10:35:16.295</timestamp>
<pid>820010-katalog:2682216</pid>
<result>
</result>
</response></holdingsServiceResponse></oclcRecord></oclcRecords>

</ns1:originalData>
<ns1:outputFormat>PLACEHOLDER</ns1:outputFormat>
   </ns1:formatRequest>
 </SOAP-ENV:Body>
</SOAP-ENV:Envelope>
